
                    <marc:record>
                        <marc:leader>00000nam a22000002a 4500</marc:leader>
                        <marc:controlfield tag="008"> 20uu9999 |||||s|||||00| 0|eng d </marc:controlfield>
                        <marc:datafield tag="245" ind1="1" ind2="0">
                            <marc:subfield code="a">Faecal source tracking in surface waters: a review of faecal indicator microorganisms and current methods</marc:subfield></marc:datafield>
                        <marc:datafield tag="100" ind1="1" ind2=" "><marc:subfield code="a">Ahmed, M W</marc:subfield>
                        </marc:datafield>
                        <marc:datafield tag="700" ind1="1" ind2=" "><marc:subfield code="a"> Neller, R J</marc:subfield>
                        </marc:datafield>
                        <marc:datafield tag="700" ind1="1" ind2=" "><marc:subfield code="a"> Katouli, M</marc:subfield>
                        </marc:datafield>
                        <marc:datafield tag="260" ind1=" " ind2=" "><marc:subfield code="a">Australia</marc:subfield>
                            <marc:subfield code="b">The Journal of the Australian Institute of Environmental Health</marc:subfield>
                            <marc:subfield code="c">2005</marc:subfield>
                        </marc:datafield>
                        <marc:datafield tag="300" ind1=" " ind2=" "><marc:subfield code="a">18</marc:subfield>
                        </marc:datafield>
                        <marc:datafield tag="773" ind1="0" ind2="8"><marc:subfield code="t">Environmental Health</marc:subfield>
                            <marc:subfield code="g">Vol. 5, no. 3, pp41-58</marc:subfield>
                            <marc:subfield code="n">Refereed, Research</marc:subfield>
                        </marc:datafield>
                        <marc:datafield tag="711" ind1="2" ind2=" "><marc:subfield code="a"/>
                            <marc:subfield code="d"/>
                            <marc:subfield code="c"/>
                        </marc:datafield>
                        <marc:datafield tag="022" ind1=" " ind2=" "><marc:subfield code="a">1444-5212</marc:subfield>
                        </marc:datafield>
                        <marc:datafield tag="655" ind1=" " ind2="7"><marc:subfield code="a">Journal Article </marc:subfield>
                            <marc:subfield code="2">local</marc:subfield>
                        </marc:datafield>
                        <marc:datafield tag="595" ind1=" " ind2=" "><marc:subfield code="a">Refereed, Research</marc:subfield>
                        </marc:datafield>
                        <marc:datafield tag="596" ind1=" " ind2=" "><marc:subfield code="a">C1</marc:subfield>
                        </marc:datafield>
                    </marc:record>