
                    <marc:record>
                        <marc:leader>00000nam a22000002a 4500</marc:leader>
                        <marc:controlfield tag="008"> 20uu9999 |||||s|||||00| 0|eng d </marc:controlfield>
                        <marc:datafield tag="245" ind1="1" ind2="0">
                            <marc:subfield code="a">Host species-specific metabolic fingerprint database for Enterococci and Escherichia coli and its application to identify sources of fecal contamination in surface waters</marc:subfield></marc:datafield>
                        <marc:datafield tag="100" ind1="1" ind2=" "><marc:subfield code="a">Ahmed, M W</marc:subfield>
                        </marc:datafield>
                        <marc:datafield tag="700" ind1="1" ind2=" "><marc:subfield code="a"> Neller, R J</marc:subfield>
                        </marc:datafield>
                        <marc:datafield tag="700" ind1="1" ind2=" "><marc:subfield code="a"> Katouli, M</marc:subfield>
                        </marc:datafield>
                        <marc:datafield tag="260" ind1=" " ind2=" "><marc:subfield code="a">USA</marc:subfield>
                            <marc:subfield code="b">American Society for Microbiology</marc:subfield>
                            <marc:subfield code="c">2005</marc:subfield>
                        </marc:datafield>
                        <marc:datafield tag="300" ind1=" " ind2=" "><marc:subfield code="a">8</marc:subfield>
                        </marc:datafield>
                        <marc:datafield tag="773" ind1="0" ind2="8"><marc:subfield code="t">Applied and Environmental Microbiology</marc:subfield>
                            <marc:subfield code="g">Vol. 71, no. 8, pp4461-4468</marc:subfield>
                            <marc:subfield code="n">Refereed, Research</marc:subfield>
                        </marc:datafield>
                        <marc:datafield tag="711" ind1="2" ind2=" "><marc:subfield code="a"/>
                            <marc:subfield code="d"/>
                            <marc:subfield code="c"/>
                        </marc:datafield>
                        <marc:datafield tag="022" ind1=" " ind2=" "><marc:subfield code="a">0099-2240</marc:subfield>
                        </marc:datafield>
                        <marc:datafield tag="655" ind1=" " ind2="7"><marc:subfield code="a">Journal Article </marc:subfield>
                            <marc:subfield code="2">local</marc:subfield>
                        </marc:datafield>
                        <marc:datafield tag="595" ind1=" " ind2=" "><marc:subfield code="a">Refereed, Research</marc:subfield>
                        </marc:datafield>
                        <marc:datafield tag="596" ind1=" " ind2=" "><marc:subfield code="a">C1</marc:subfield>
                        </marc:datafield>
                    </marc:record>