
                    <marc:record>
                        <marc:leader>00000nam a22000002a 4500</marc:leader>
                        <marc:controlfield tag="008"> 20uu9999 |||||s|||||00| 0|eng d </marc:controlfield>
                        <marc:datafield tag="245" ind1="1" ind2="0">
                            <marc:subfield code="a">Regional Competitiveness, Enterprising Human Capital and Community Engagement</marc:subfield></marc:datafield>
                        <marc:datafield tag="100" ind1="1" ind2=" "><marc:subfield code="a">Garlick, S</marc:subfield>
                        </marc:datafield>
                        <marc:datafield tag="260" ind1=" " ind2=" "><marc:subfield code="a">Australia</marc:subfield>
                            <marc:subfield code="b">Queensland Department of Main Roads</marc:subfield>
                            <marc:subfield code="c">2005</marc:subfield>
                        </marc:datafield>
                        <marc:datafield tag="300" ind1=" " ind2=" "><marc:subfield code="a"/>
                        </marc:datafield>
                        <marc:datafield tag="773" ind1="0" ind2="8"><marc:subfield code="t">International Conference on Engaging Communities</marc:subfield>
                            <marc:subfield code="g"/>
                            <marc:subfield code="n">Refereed</marc:subfield>
                        </marc:datafield>
                        <marc:datafield tag="711" ind1="2" ind2=" "><marc:subfield code="a">International Conference on Engaging Community</marc:subfield>
                            <marc:subfield code="d">2005</marc:subfield>
                            <marc:subfield code="c">Brisbane, Australia</marc:subfield>
                        </marc:datafield>
                        <marc:datafield tag="020" ind1=" " ind2=" "><marc:subfield code="a">1 920719 03 2</marc:subfield>
                        </marc:datafield>
                        <marc:datafield tag="655" ind1=" " ind2="7"><marc:subfield code="a">Full Conference Paper</marc:subfield>
                            <marc:subfield code="2">local</marc:subfield>
                        </marc:datafield>
                        <marc:datafield tag="595" ind1=" " ind2=" "><marc:subfield code="a">Refereed</marc:subfield>
                        </marc:datafield>
                        <marc:datafield tag="596" ind1=" " ind2=" "><marc:subfield code="a">E1</marc:subfield>
                        </marc:datafield>
                    </marc:record>
               </marc:collection>
             </utfx:expected>
        </utfx:assert-equal>
    </utfx:test>
    
   
</utfx:tests>
